<?xml version="1.0" encoding="UTF-8"?><collection xmlns="http://www.loc.gov/MARC21/slim"><record><leader>00503nam--2200193-i-4500</leader><controlfield tag="001">000003757</controlfield><controlfield tag="002">20161230</controlfield><controlfield tag="005">20161230201025</controlfield><controlfield tag="008">060222s1000------------r-----000-0-rum-d</controlfield><datafield ind1=" " ind2=" " tag="040"><subfield code="a">IFIN-HH</subfield></datafield><datafield ind1=" " ind2=" " tag="041"><subfield code="a">rum</subfield></datafield><datafield ind1=" " ind2=" " tag="080"><subfield code="a">533.6(021)=59</subfield></datafield><datafield ind1="1" ind2=" " tag="100"><subfield code="a">Arjanikov, N.S</subfield></datafield><datafield ind1="1" ind2="0" tag="245"><subfield code="a">Aerodinamica. traducere din limba rusa</subfield><subfield code="c">N.s. arjanikov, v.n. maltev</subfield></datafield><datafield ind1=" " ind2=" " tag="260"><subfield code="a">Bucuresti, Editura Tehnica, 1954</subfield></datafield><datafield ind1=" " ind2=" " tag="300"><subfield code="a">547 P</subfield></datafield><datafield ind1="1" ind2=" " tag="700"><subfield code="a">Maltev, V.N</subfield></datafield><datafield ind1=" " ind2=" " tag="852"><subfield code="a">3157</subfield><subfield code="c">533.6</subfield></datafield><datafield ind1=" " ind2=" " tag="CAT"><subfield code="a">Sys</subfield><subfield code="c">20100903</subfield><subfield code="h">105442</subfield></datafield></record></collection>